
@misc{gougar_prismatic_2010,
	title = {{PRISMATIC} {COUPLED} {NEUTRONICS}/{THERMAL} {FLUIDS} {TRANSIENT} {BENCHMARK} {OF} {THE} {MHTGR}-350 {MW} {CORE} {DESIGN}},
	author = {Gougar, Hans and Pope, Michael and Strydom, Gerhard and Baxter, Alan},
	year = {2010},
	file = {Gougar et al. - 2010 - PRISMATIC COUPLED NEUTRONICSTHERMAL FLUIDS TRANSI.pdf:/home/roberto/Zotero/storage/V5J54QP3/Gougar et al. - 2010 - PRISMATIC COUPLED NEUTRONICSTHERMAL FLUIDS TRANSI.pdf:application/pdf}
}
